<record><leader>00000cas a22000007a 4500</leader><controlfield tag="001">10372283</controlfield><controlfield tag="008">840203d18241847paucr ne      0    0eng d</controlfield><datafield ind1=" " ind2=" " tag="010"><subfield code="a">sn 84026281 </subfield></datafield><datafield ind1=" " ind2=" " tag="040"><subfield code="a">NPU</subfield><subfield code="b">eng</subfield><subfield code="c">NPU</subfield><subfield code="d">NPA</subfield><subfield code="d">NPX</subfield><subfield code="d">NPH</subfield><subfield code="d">DLC</subfield><subfield code="d">NPH</subfield><subfield code="d">MFN</subfield><subfield code="d">KNP</subfield><subfield code="d">MGN</subfield><subfield code="d">CNK</subfield><subfield code="d">TGN</subfield><subfield code="d">OBN</subfield><subfield code="d">OCL</subfield><subfield code="d">OCLCQ</subfield><subfield code="d">OCLCF</subfield><subfield code="d">OCLCO</subfield></datafield><datafield ind1=" " ind2=" " tag="019"><subfield code="a">174005018</subfield><subfield code="a">174023656</subfield></datafield><datafield ind1=" " ind2=" " tag="042"><subfield code="a">msc</subfield></datafield><datafield ind1="0" ind2="0" tag="050"><subfield code="a">Newspaper</subfield></datafield><datafield ind1="0" ind2=" " tag="130"><subfield code="a">United States gazette (Philadelphia, Pa. : 1824 : Semiweekly)</subfield></datafield><datafield ind1="0" ind2="4" tag="245"><subfield code="a">The United States gazette.</subfield></datafield><datafield ind1="3" ind2="0" tag="246"><subfield code="a">United States gazette. Semi-weekly--for the country</subfield></datafield><datafield ind1=" " ind2=" " tag="260"><subfield code="a">Philadelphia [Pa.] :</subfield><subfield code="b">James G. Watts &amp; Co.</subfield></datafield><datafield ind1=" " ind2=" " tag="300"><subfield code="a">v.</subfield></datafield><datafield ind1=" " ind2=" " tag="310"><subfield code="a">Semiweekly</subfield></datafield><datafield ind1="0" ind2=" " tag="362"><subfield code="a">Vol. 22, no. 2531 (Feb. 24, 1824)-</subfield></datafield><datafield ind1="1" ind2=" " tag="362"><subfield code="a">Ceased June 30, 1847.</subfield></datafield><datafield ind1=" " ind2=" " tag="530"><subfield code="a">Also available on microfilm from Micro Photo Division, Bell &amp; Howell Co.</subfield></datafield><datafield ind1=" " ind2="0" tag="651"><subfield code="a">Philadelphia (Pa.)</subfield><subfield code="v">Newspapers.</subfield></datafield><datafield ind1=" " ind2="0" tag="651"><subfield code="a">Philadelphia County (Pa.)</subfield><subfield code="v">Newspapers.</subfield></datafield><datafield ind1=" " ind2="7" tag="655"><subfield code="a">Newspapers.</subfield><subfield code="2">fast</subfield><subfield code="0">(OCoLC)fst01423814</subfield></datafield><datafield ind1=" " ind2="7" tag="651"><subfield code="a">Pennsylvania</subfield><subfield code="z">Philadelphia.</subfield><subfield code="2">fast</subfield><subfield code="0">(OCoLC)fst01204170</subfield></datafield><datafield ind1=" " ind2="7" tag="651"><subfield code="a">Pennsylvania</subfield><subfield code="z">Philadelphia County.</subfield><subfield code="2">fast</subfield><subfield code="0">(OCoLC)fst01217128</subfield></datafield><datafield ind1=" " ind2=" " tag="752"><subfield code="a">United States</subfield><subfield code="b">Pennsylvania</subfield><subfield code="c">Philadelphia</subfield><subfield code="d">Philadelphia.</subfield></datafield><datafield ind1="0" ind2=" " tag="775"><subfield code="t">United States gazette (Philadelphia, Pa. : 1823 : Daily)</subfield><subfield code="w">(DLC)sn 84026283</subfield><subfield code="w">(OCoLC)10372465</subfield></datafield><datafield ind1="0" ind2=" " tag="775"><subfield code="t">United States gazette (Philadelphia, Pa. : Triweekly)</subfield><subfield code="w">(DLC)sn 87052053</subfield><subfield code="w">(OCoLC)15097525</subfield></datafield><datafield ind1="0" ind2=" " tag="775"><subfield code="t">Weekly United States gazette</subfield><subfield code="w">(DLC)sn 87062184</subfield><subfield code="w">(OCoLC)15685155</subfield></datafield><datafield ind1="0" ind2="0" tag="780"><subfield code="t">United States gazette for the country (Philadelphia, Pa. : 1823 : Semiweekly)</subfield><subfield code="w">(DLC)sn 87062185</subfield><subfield code="w">(OCoLC)9228832</subfield></datafield></record>